@Manual{R,
  title = {\proglang{R}: {A} Language and Environment for Statistical Computing},
  author = {{\proglang{R} Core Team}},
  organization = {\proglang{R} Foundation for Statistical Computing},
  address = {Vienna, Austria},
  year = {2017},
  url = {https://www.R-project.org/},
}

@article{kim2023,
  author = {Kim, Young Geun and Baek, Changryong},
  title = {Bayesian vector heterogeneous autoregressive modeling},
  journal = {Journal of Statistical Computation and Simulation},
  volume = {94},
  number = {6},
  pages = {1139--1157},
  year = {2024},
  publisher = {Taylor \& Francis},
  doi = {10.1080/00949655.2023.2281644}
}

@article{Baek.2020, 
  year = {2020}, 
  title = {Sparse vector heterogeneous autoregressive modeling for realized volatility}, 
  author = {Baek, Changryong and Park, Minsu}, 
  journal = {Journal of the Korean Statistical Society}, 
  issn = {1226-3192}, 
  doi = {10.1007/s42952-020-00090-5}
}

@article{Bubak.2011,
  title={Volatility transmission in emerging European foreign exchange markets},
  author={Bub{\'a}k, V{\'\i}t and Ko{\v{c}}enda, Ev{\v{z}}en and {\v{Z}}ike{\v{s}}, Filip},
  journal={Journal of Banking \& Finance},
  volume={35},
  number={11},
  pages={2829--2841},
  year={2011},
  publisher={Elsevier}
}

@article{banbura2010, 
  year = {2010}, 
  title = {{Large Bayesian vector auto regressions}}, 
  author = {Bańbura, Marta and Giannone, Domenico and Reichlin, Lucrezia}, 
  journal = {Journal of Applied Econometrics}, 
  issn = {0883-7252}, 
  doi = {10.1002/jae.1137},
  number = {1}, 
  volume = {25}
}

@article{ghosh2018, 
  year = {2018}, 
  title = {High-Dimensional Posterior Consistency in Bayesian Vector Autoregressive Models}, 
  author = {Ghosh, Satyajit and Khare, Kshitij and Michailidis, George}, 
  journal = {Journal of the American Statistical Association}, 
  issn = {0162-1459}, 
  doi = {10.1080/01621459.2018.1437043}, 
  pmid = {31474783},
  number = {526}, 
  volume = {114}
}

@article{giannone2015, 
  year = {2015}, 
  title = {Prior Selection for Vector Autoregressions}, 
  author = {Giannone, Domenico and Lenza, Michele and Primiceri, Giorgio E.}, 
  journal = {Review of Economics and Statistics}, 
  issn = {0034-6535}, 
  doi = {10.1162/REST\_a\_00483},
  number = {2}, 
  volume = {97},
}

@article{Korobilis.2013, 
  year = {2013}, 
  title = {VAR FORECASTING USING BAYESIAN VARIABLE SELECTION},
  author = {Korobilis, Dimitris}, 
  journal = {Journal of Applied Econometrics}, 
  issn = {1099-1255}, 
  doi = {10.1002/jae.1271}, 
  number = {2}, 
  volume = {28}
}

@article{Litterman.1986, 
  year = {1986}, 
  title = {Forecasting with Bayesian Vector Autoregressions: Five Years of Experience},
  author = {Litterman, Robert B}, 
  journal = {Journal of Business \& Economic Statistics}, 
  issn = {0735-0015}, 
  doi = {10.1080/07350015.1986.10509491}, 
  pages = {25}, 
  number = {1}, 
  volume = {4}
}

@article{Alhamzawi.2018, 
  year = {2018}, 
  title = {The Bayesian adaptive lasso regression},
  author = {Alhamzawi, Rahim and Ali, Haithem Taha Mohammad}, 
  journal = {Mathematical Biosciences}, 
  issn = {0025-5564}, 
  doi = {10.1016/j.mbs.2018.06.004}, 
  pmid = {29920251},
  pages = {75--82}, 
  volume = {303}
}

@article{Park.2012, 
  year = {2012},
  title = {The Bayesian Lasso},
  author = {Park, Trevor and Casella, George}, 
  journal = {Journal of the American Statistical Association}, 
  issn = {0162-1459}, 
  doi = {10.1198/016214508000000337},
  pages = {681--686}, 
  number = {482}, 
  volume = {103}
}

@article{Leng.2014, 
  year = {2014},
  title = {Bayesian adaptive Lasso},
  author = {Leng, Chenlei and Tran, Minh-Ngoc and Nott, David}, 
  journal = {Annals of the Institute of Statistical Mathematics}, 
  issn = {0020-3157}, 
  doi = {10.1007/s10463-013-0429-6},
  pages = {221--244}, 
  number = {2}, 
  volume = {66}
}

@article{Basu.2015, 
  year = {2015}, 
  title = {Regularized estimation in sparse high-dimensional time series models},
  author = {Basu, Sumanta and Michailidis, George}, 
  journal = {The Annals of Statistics}, 
  issn = {0090-5364}, 
  doi = {10.1214/15-aos1315}, 
  eprint = {1311.4175},
  pages = {1535--1567}, 
  number = {4}, 
  volume = {43}
}

@article{George.2008, 
  year = {2008},
  title = {Bayesian stochastic search for VAR model restrictions},
  author = {George, Edward I and Sun, Dongchu and Ni, Shawn}, 
  journal = {Journal of Econometrics}, 
  issn = {0304-4076}, 
  doi = {10.1016/j.jeconom.2007.08.017},
  pages = {553--580}, 
  number = {1}, 
  volume = {142}
}

@article{Korobilis.2008, 
  year = {2008},
  title = {Bayesian Econometrics},
  author = {Korobilis, Dimitris}, 
  journal = {Advances in Econometrics}, 
  issn = {0731-9053}, 
  doi = {10.1016/s0731-9053(08)23012-4},
  pages = {403--431}
}

@article{Jochmann.2010, 
  year = {2010},
  title = {Bayesian forecasting using stochastic search variable selection in a VAR subject to breaks},
  author = {Jochmann, Markus and Koop, Gary and Strachan, Rodney W.}, 
  journal = {International Journal of Forecasting}, 
  issn = {0169-2070}, 
  doi = {10.1016/j.ijforecast.2009.11.002},
  pages = {326--347}, 
  number = {2}, 
  volume = {26}
}

@article{lp, 
  year = {1997},
  title = {APPROACHES FOR BAYESIAN VARIABLE SELECTION}, 
  author = {George, Edward I. and McCulloch, Robert E.}, 
  journal = {Statistica Sinica}, 
  url = {https://www.jstor.org/stable/24306083},
  pages = {339--373}, 
  number = {2}, 
  volume = {7}, 
  month = {4}
}

@article{George.1993, 
year = {1993}, 
title = {{Variable Selection via Gibbs Sampling}}, 
author = {George, Edward I. and McCulloch, Robert E.}, 
journal = {Journal of the American Statistical Association}, 
issn = {0162-1459}, 
doi = {10.1080/01621459.1993.10476353},
pages = {881--889}, 
number = {423}, 
volume = {88}
}

@article{Follett.2019, 
year = {2019}, 
title = {{Achieving parsimony in Bayesian vector autoregressions with the horseshoe prior}}, 
author = {Follett, Lendie and Yu, Cindy}, 
journal = {Econometrics and Statistics}, 
issn = {2452-3062}, 
doi = {10.1016/j.ecosta.2018.12.004}, 
pages = {130--144}, 
volume = {11}
}

@article{Koop.2009, 
year = {2009},
title = {{Bayesian Multivariate Time Series Methods for Empirical Macroeconomics}}, 
author = {Koop, Gary and Korobilis, Dimitris}, 
journal = {Foundations and Trends® in Econometrics}, 
issn = {1551-3076}, 
doi = {10.1561/0800000013},
pages = {267--358}, 
number = {4}, 
volume = {3}
}

@article{Carvalho.2010, 
year = {2010},
title = {{The horseshoe estimator for sparse signals}}, 
author = {Carvalho, C M and Polson, N G and Scott, J G}, 
journal = {Biometrika}, 
issn = {0006-3444}, 
doi = {10.1093/biomet/asq017},
pages = {465--480}, 
number = {2}, 
volume = {97}
}

@inproceedings{Carvalho.2009,
  title={Handling sparsity via the horseshoe},
  author={Carvalho, Carlos M and Polson, Nicholas G and Scott, James G},
  booktitle={Artificial intelligence and statistics},
  pages={73--80},
  year={2009},
  organization={PMLR}
}

@article{Mitchell.1988, 
year = {1988},
title = {{Bayesian Variable Selection in Linear Regression}}, 
author = {Mitchell, T. J. and Beauchamp, J. J.}, 
journal = {Journal of the American Statistical Association}, 
issn = {0162-1459}, 
doi = {10.1080/01621459.1988.10478694},
pages = {1023--1032}, 
number = {404}, 
volume = {83}
}

@article{Gefang.2022, 
year = {2022},
title = {{Forecasting using variational Bayesian inference in large vector autoregressions with hierarchical shrinkage}}, 
author = {Gefang, Deborah and Koop, Gary and Poon, Aubrey}, 
journal = {International Journal of Forecasting}, 
issn = {0169-2070}, 
doi = {10.1016/j.ijforecast.2021.11.012}
}

@article{Makalic.2016, 
year = {2016},
keywords = {bayesian,horseshoe,sparsity,mcmc}, 
title = {{A Simple Sampler for the Horseshoe Estimator}}, 
author = {Makalic, Enes and Schmidt, Daniel F.}, 
journal = {IEEE Signal Processing Letters}, 
issn = {1070-9908}, 
doi = {10.1109/lsp.2015.2503725}, 
eprint = {1508.03884},
pages = {179--182}, 
number = {1}, 
volume = {23}
}

@article{Bhattacharya.2016, 
year = {2016}, 
title = {{Fast sampling with Gaussian scale mixture priors in high-dimensional regression}}, 
author = {Bhattacharya, Anirban and Chakraborty, Antik and Mallick, Bani K}, 
journal = {Biometrika}, 
issn = {0006-3444}, 
doi = {10.1093/biomet/asw042}, 
pmid = {28435166}, 
pmcid = {PMC5400369},
pages = {985--991}, 
number = {4}, 
volume = {103}
}

@article{xyb, 
year = {1998}, 
title = {{Multivariate Bayesian variable selection and prediction}}, 
author = {Brown, P. J. and Vannucci, M. and Fearn, T.}, 
journal = {Journal of the Royal Statistical Society: Series B (Statistical Methodology)}, 
issn = {1369-7412}, 
doi = {10.1111/1467-9868.00144},
pages = {627--641}, 
number = {3}, 
volume = {60}
}

@article{OHara.2009, 
year = {2009},
title = {{A review of Bayesian variable selection methods: what, how and which}}, 
author = {O'Hara, R. B. and Sillanpää, M. J.}, 
journal = {Bayesian Analysis}, 
issn = {1936-0975}, 
doi = {10.1214/09-ba403},
pages = {85--117}, 
number = {1}, 
volume = {4}
}

@article{Kastner.2020, 
year = {2020}, 
title = {{Sparse Bayesian vector autoregressions in huge dimensions}}, 
author = {Kastner, Gregor and Huber, Florian}, 
journal = {Journal of Forecasting}, 
issn = {0277-6693}, 
doi = {10.1002/for.2680}, 
eprint = {1704.03239},
pages = {1142--1165}, 
number = {7}, 
volume = {39}
}

@article{Bai.2018, 
year = {2018}, 
title = {{High-dimensional multivariate posterior consistency under global–local shrinkage priors}}, 
author = {Bai, Ray and Ghosh, Malay}, 
journal = {Journal of Multivariate Analysis}, 
issn = {0047-259X}, 
doi = {10.1016/j.jmva.2018.04.010}, 
eprint = {1711.07635},
pages = {157--170}, 
volume = {167}
}

@article{Corsi.2008, 
year = {2008}, 
rating = {5},
title = {{A Simple Approximate Long-Memory Model of Realized Volatility}}, 
author = {Corsi, Fulvio},
journal = {Journal of Financial Econometrics}, 
issn = {1479-8409},
doi = {10.1093/jjfinec/nbp001},
pages = {174--196}, 
number = {2}, 
volume = {7}
}

@book{lutkepohl2007,
    place={Berlin},
    title={New introduction to multiple time series analysis},
    publisher={Springer},
    author={L{\"u}tkepohl Helmut},
    year={2007}
}

@article{sims.1980,
  title={Macroeconomics and reality},
  author={Sims, Christopher A},
  journal={Econometrica: journal of the Econometric Society},
  pages={1--48},
  year={1980},
  publisher={JSTOR}
}

@article{Piironen.2017,
    year = {2017},
    title = {{Sparsity information and regularization in the horseshoe and other shrinkage priors}}, 
    author = {Piironen, Juho and Vehtari, Aki}, 
    journal = {Electronic Journal of Statistics}, 
    issn = {1935-7524}, 
    doi = {10.1214/17-ejs1337si},
    eprint = {1707.01694},
    pages = {5018--5051}, 
    number = {2}, 
    volume = {11}
}

@article{Armagan.2013,
  title={Posterior consistency in linear models under shrinkage priors},
  author={Armagan, Artin and Dunson, David B and Lee, Jaeyong and Bajwa, Waheed U and Strawn, Nate},
  journal={Biometrika},
  volume={100},
  number={4},
  pages={1011--1018},
  year={2013},
  month = {07},
  issn = {0006-3444},
  doi = {10.1093/biomet/ast028},
  publisher={Oxford University Press}
}

@article{Goh.2017,
  title={Bayesian sparse reduced rank multivariate regression},
  author={Goh, Gyuhyeong and Dey, Dipak K and Chen, Kun},
  journal={Journal of multivariate analysis},
  volume={157},
  pages={14--28},
  year={2017},
  publisher={Elsevier}
}

@article{Choi.2008,
    year = {2008},
    title = {{Remarks on consistency of posterior distributions}},
    author = {Choi, Taeryon and Ramamoorthi, R V},
    journal = {Institute of Mathematical Statistics Collections},
    doi = {10.1214/074921708000000138},
    eprint = {0805.3248},
    pages = {170--186},
    number = {1},
    volume = {3}
}

@article{Ghosh.2021, 
    year = {2021},
    title = {{Strong selection consistency of Bayesian vector autoregressive models based on a pseudo-likelihood approach}}, 
    author = {Ghosh, Satyajit and Khare, Kshitij and Michailidis, George}, 
    journal = {The Annals of Statistics}, 
    issn = {0090-5364}, 
    doi = {10.1214/20-aos1992},
    number = {3},
    volume = {49}
}

@article{Karlsson.2013,
  title={Forecasting with Bayesian vector autoregression},
  author={Karlsson, Sune},
  journal={Handbook of economic forecasting},
  volume={2},
  pages={791--897},
  year={2013},
  publisher={Elsevier}
}

@article{BarndorffNielsen.2002,
  title={Econometric analysis of realized volatility and its use in estimating stochastic volatility models},
  author={Barndorff-Nielsen, Ole E and Shephard, Neil},
  journal={Journal of the Royal Statistical Society: Series B (Statistical Methodology)},
  volume={64},
  number={2},
  pages={253--280},
  year={2002},
  publisher={Wiley Online Library}
}

@article{Rajaratnam.2018,
  title={Uncertainty quantification for modern high-dimensional regression via scalable bayesian methods},
  author={Rajaratnam, Bala and Sparks, Doug and Khare, Kshitij and Zhang, Liyuan},
  journal={Journal of Computational and Graphical Statistics},
  volume={28},
  number={1},
  pages={174--184},
  year={2019},
  publisher={Taylor \& Francis}
}

@article{Davis.2016, 
    year = {2016},
    title = {{Sparse Vector Autoregressive Modeling}}, 
    author = {Davis, Richard A. and Zang, Pengfei and Zheng, Tian}, 
    journal = {Journal of Computational and Graphical Statistics}, 
    issn = {1061-8600}, 
    doi = {10.1080/10618600.2015.1092978},
    pages = {1077--1096}, 
    number = {4}, 
    volume = {25}
}
@article{Baek.2017, 
    year = {2017},
    title = {{Sparse seasonal and periodic vector autoregressive modeling}}, 
    author = {Baek, Changryong and Davis, Richard A. and Pipiras, Vladas}, 
    journal = {Computational Statistics \& Data Analysis}, 
    issn = {0167-9473}, 
    doi = {10.1016/j.csda.2016.09.005},
    pages = {103--126}, 
    volume = {106}
}

@article{Chan_2021,
    title={Minnesota-type adaptive hierarchical priors for large Bayesian VARs},
    volume={37},
    ISSN={0169-2070},
    DOI={10.1016/j.ijforecast.2021.01.002},
    number={3},
    journal={International Journal of Forecasting},
    author={Chan, Joshua C.C.},
    year={2021},
    pages={1212–1226}
}

@article{Cogley_Sargent_2005,
    title={Drifts and volatilities: monetary policies and outcomes in the post WWII US}, volume={8}, ISSN={1094-2025}, DOI={10.1016/j.red.2004.10.009},
    number={2},
    journal={Review of Economic Dynamics},
    author={Cogley, Timothy and Sargent, Thomas J.},
    year={2005},
    pages={262–302}
}

@article{Cross_Hou_Koop_Poon_2023,
    title={Large stochastic volatility in mean VARs},
    volume={236},
    ISSN={0304-4076},
    DOI={10.1016/j.jeconom.2023.05.006},
    number={1},
    journal={Journal of Econometrics},
    author={Cross, Jamie L. and Hou, Chenghan and Koop, Gary and Poon, Aubrey},
    year={2023},
    pages={105469}
}

@article{Chan_Eisenstat_2018,
    title={Bayesian model comparison for time-varying parameter VARs with stochastic volatility}, volume={33}, ISSN={0883-7252},
    DOI={10.1002/jae.2617},
    number={4},
    journal={Journal of Applied Econometrics},
    author={Chan, Joshua C. C. and Eisenstat, Eric},
    year={2018},
    pages={509–532}
}

@article{Gruber_Kastner_2022,
    title={Forecasting macroeconomic data with Bayesian VARs: Sparse or dense? It depends!}, DOI={10.48550/arxiv.2206.04902},
    journal={arXiv},
    author={Gruber, Luis and Kastner, Gregor},
    year={2022}
}

@book{zellner.1996,
  title={An introduction to Bayesian inference in econometrics},
  author={ZELLNER, Arnold},
  year={1996}
}

@book{chan_koop_poirier_tobias_2019,
    place={Cambridge},
    edition={2},
    series={Econometric Exercises},
    title={Bayesian Econometric Methods},
    DOI={10.1017/9781108525947},
    publisher={Cambridge University Press},
    author={Chan, Joshua and Koop, Gary and Poirier, Dale J. and Tobias, Justin L.},
    year={2019},
    collection={Econometric Exercises}
}

@article{Chan_2022,
    title={Comparing stochastic volatility specifications for large Bayesian VARs},
    ISSN={0304-4076},
    DOI={10.1016/j.jeconom.2022.11.003},
    journal={Journal of Econometrics},
    author={Chan, Joshua C.C.},
    year={2022}
}

@article{Datta_Ghosh_2013,
    title={Asymptotic Properties of Bayes Risk for the Horseshoe Prior},
    volume={8},
    ISSN={1936-0975},
    DOI={10.1214/13-ba805},
    number={1},
    journal={Bayesian Analysis},
    author={Datta, Jyotishka and Ghosh, Jayanta. K.},
    year={2013},
    pages={111–132}
}

@article{Carriero_Chan_Clark_Marcellino_2022,
    title={Corrigendum to “Large Bayesian vector autoregressions with stochastic volatility and non-conjugate priors” [J. Econometrics 212 (1) (2019) 137–154]},
    volume={227},
    ISSN={0304-4076},
    DOI={10.1016/j.jeconom.2021.11.010},
    number={2},
    journal={Journal of Econometrics},
    author={Carriero, Andrea and Chan, Joshua and Clark, Todd E. and Marcellino, Massimiliano},
    year={2022},
    pages={506–512}
}
